@ARTICLE{10015006,
  author={Sharma, Debendra Das},
  journal={IEEE Micro}, 
  title={Novel Composable and Scale-out Architectures using Compute Express LinkTM}, 
  year={2023},
  volume={},
  number={},
  pages={1-8},
  doi={10.1109/MM.2023.3235972}}


@misc{pond,
  doi = {10.48550/ARXIV.2203.00241},
  url = {https://arxiv.org/abs/2203.00241},
  author = {Li, Huaicheng and Berger, Daniel S. and Novakovic, Stanko and Hsu, Lisa and Ernst, Dan and Zardoshti, Pantea and Shah, Monish and Rajadnya, Samir and Lee, Scott and Agarwal, Ishwar and Hill, Mark D. and Fontoura, Marcus and Bianchini, Ricardo},
  keywords = {Operating Systems (cs.OS), Performance (cs.PF), FOS: Computer and information sciences, FOS: Computer and information sciences},
  title = {Pond: CXL-Based Memory Pooling Systems for Cloud Platforms},
  publisher = {arXiv},
  year = {2022},  
  copyright = {Creative Commons Attribution Share Alike 4.0 International}
}


@inproceedings{borg-google,
title = {Borg: the Next Generation},
author  = {Muhammad Tirmazi and Adam Barker and Nan Deng and Md Ehtesam Haque and Zhijing Gene Qin and Steven Hand and Mor Harchol-Balter and John Wilkes},
year  = {2020},
booktitle = {EuroSys'20},
address = {Heraklion, Crete}
}

@misc{beowulf,
 title = {{ Beowulf Cluster }},
 howpublished = {Online: \url{https://en.wikipedia.org/wiki/Beowulf_cluster}},
 note = {Accessed: Feb, 2023},
}

@misc{eere,
 title = {{ Data Centers and Servers - Buildings }},
 howpublished = {Online: \url{https://www.energy.gov/eere/buildings/data-centers-and-servers}},
 note = {Accessed: Feb, 2023},
}

@misc{dw,
 title = {{ Data centers keep energy use steady despite big growth }},
 howpublished = {Online: \url{https://www.dw.com/en/data-centers-energy-consumption-steady-despite-big-growth-because-of-increasing-efficiency/a-60444548}},
 note = {Accessed: Feb, 2023},
}

@misc{vmware,
 title = {{ Why Energy Sobriety Should Be Top of Mind for Every Business Leader This Year }},
 howpublished = {Online: \url{https://www.marketscreener.com/quote/stock/VMWARE-INC-58476/news/VMware-Why-Energy-Sobriety-Should-Be-Top-of-Mind-for-Every-Business-Leader-This-Year-42823597/}},
 note = {Accessed: Feb, 2023},
}

@misc{fuzzball,
 title = {{ CtrlIQ Fuzzball }},
 howpublished = {Online: \url{https://ciq.co/products/fuzzball/hpc/}},
 note = {Accessed: Feb, 2023},
}

@misc{flux,
 title = {{ Flux:  A Fully Hierarchical Workload Manager for Supercomputing }},
 howpublished = {Online: \url{https://ipo.llnl.gov/sites/default/files/2022-02/Flux_RD100_Final.pdf}},
 note = {Accessed: Feb, 2023},
}

@misc{rlinker,
 title = {{ Composable Infrastructure Market by Type, Vertical And Region - Global Forecast to 2023 }},
 howpublished = {Online: \url{https://www.reportlinker.com/p05620908/Composable-Infrastructure-Market-by-Type-Vertical-And-Region-Global-Forecast-to.html}},
 note = {Accessed: Feb, 2023},
}

@misc{liqid,
 title = {{ Liqid touts composable infrastructure at Dell Technologies World }},
 howpublished = {Online: \url{https://venturebeat.com/data-infrastructure/liqid-touts-composable-infrastructure-at-dell-technologies-world/}},
 note = {Accessed: Feb, 2023},
}

@misc{gigaio,
 title = {{ GigaIO }},
 howpublished = {Online: \url{https://gigaio.com/}},
 note = {Accessed: Feb, 2023},
}

@misc{liqidmf,
 title = {{ Liqid introduces multi-fabric support for composable infrastructure }},
 howpublished = {Online: \url{Liqid introduces multi-fabric support for composable infrastructure}},
 note = {Accessed: Feb, 2023},
}

@misc{cdi,
 title = {{ Composable disaggregated infrastructure }},
 howpublished = {Online: \url{https://en.wikipedia.org/wiki/Composable_disaggregated_infrastructure}},
 note = {Accessed: Feb, 2023},
}

@misc{whatcdi,
 title = {{ What is composable infrastructure? }},
 howpublished = {Online: \url{https://www.networkworld.com/article/3266106/what-is-composable-infrastructure.html}},
 note = {Accessed: Feb, 2023},
}

@misc{fungible,
 title = {{ Fungible, Inc. }},
 howpublished = {Online: \url{https://www.fungible.com/}},
 note = {Accessed: Feb, 2023},
}

@misc{kafka,
 title = {{ Kafka }},
 howpublished = {Online: \url{https://kafka.apache.org/documentation/}},
 note = {Accessed: Feb, 2023},
}

@misc{rabbitmq,
 title = {{ RabbitMQ }},
 howpublished = {Online: \url{https://www.rabbitmq.com/}},
 note = {Accessed: Feb, 2023},
}
 
@misc{redfish,
 title = {{ Redfish }},
 howpublished = {Online: \url{https://www.dmtf.org/standards/redfish}},
 note = {Accessed: Feb, 2023},
}

@misc{swordfish,
 title = {{ Swordfish }},
 howpublished = {Online: \url{https://sniasmiblog.org/2020/04/whats-new-with-snia-swordfish}},
 note = {Accessed: Feb, 2023},
}

@misc{restful,
 title = {{ Overview of RESTful API Description Languages }},
 howpublished = {Online: \url{https://en.wikipedia.org/wiki/Overview_of_RESTful_API_Description_Languages}},
 note = {Accessed: Feb, 2023},
}