%%% BEGIN OVIS/LDMS AND FRIENDS CITATIONS
comment@InProceedings{SNLCLUSTER15,
  title="{T}oward {R}apid {U}nderstanding of {P}roduction {HPC} {A}pplications and {S}ystems",
  author="Agelastos, A. and Allan, B. and Brandt, J. and Gentile, A. and Lefantzi, S. and Monk, S. and Ogden, J. and Rajan, M. and Stevenson, J.",
  booktitle = "{Proc. IEEE Int'l Conf. on Cluster Computing (CLUSTER)}",
  year={2015}
}

@misc {toss,
  title = {{TOSS}: Speeding Up Commodity Cluster Computing},
  url = {"https://computing.llnl.gov/projects/toss-speeding-commodity-cluster-computing"},
}

@inproceedings{MSST:burstbuffer,
author = {Liu, Ning and Cope, Jason and Carns, Philip and Carothers, Christopher and Ross, Robert and Grider, Gary and Crume, A
dam and Maltzahn, Carlos},
year = {2012},
month = {April},
pages = {},
title = {On the Role of Burst Buffers in Leadership-class Storage Systems},
booktitle = {Proceedings of the 2012 IEEE Conference on Massive Data Storage},
url = {https://doi.org/10.1109/MSST.2012.6232369}
}

@INPROCEEDINGS{SC15:burstfs,
  author={T. {Wang} and K. {Mohror} and A. {Moody} and K. {Sato} and W. {Yu}},
  booktitle={SC '16: Proceedings of the International Conference for High Performance Computing, Networking, Storage and Analys
is}, 
  title={An Ephemeral Burst-Buffer File System for Scientific Applications}, 
  year={2016},
  volume={},
  number={},
  pages={807-818},
  url={https://doi.org/10.1109/SC.2016.68}
}

misc{atse,
  title = {Advanced Tri-lab Software Environment},
  url = {https://vanguard.sandia.gov/ATSE/},
}

@inproceedings{coral-node-local,
doi={10.5555/3291656.3291726},
author = {Vazhkudai, Sudharshan S. and de Supinski, Bronis R. and Bland, Arthur S. and Geist, Al and Sexton, James and Kahle, Jim and Zimmer, Christopher J. and Atchley, Scott and Oral, Sarp and Maxwell, Don E. and Larrea, Veronica G. Vergara and Bertsch, Adam and Goldstone, Robin and Joubert, Wayne and Chambreau, Chris and Appelhans, David and Blackmore, Robert and Casses, Ben and Chochia, George and Davison, Gene and Ezell, Matthew A. and Gooding, Tom and Gonsiorowski, Elsa and Grinberg, Leopold and Hanson, Bill and Hartner, Bill and Karlin, Ian and Leininger, Matthew L. and Leverman, Dustin and Marroquin, Chris and Moody, Adam and Ohmacht, Martin and Pankajakshan, Ramesh and Pizzano, Fernando and Rogers, James H. and Rosenburg, Bryan and Schmidt, Drew and Shankar, Mallikarjun and Wang, Feiyi and Watson, Py and Walkup, Bob and Weems, Lance D. and Yin, Junqi},
title = {The Design, Deployment, and Evaluation of the {CORAL} Pre-Exascale Systems},
year = {2018},
publisher = {IEEE Press},
booktitle = {Proceedings of the International Conference for High Performance Computing, Networking, Storage, and Analysis},
articleno = {52},
numpages = {12},
location = {Dallas, Texas},
series = {SC '18}
}

@misc{lustre-on-demand,
url={https://www.eofs.eu/_media/events/lad18/08_rahul_deshmukh_lad18_lustre_on_demand_si_rd_final2.pdf},
title={{L}ustre {O}n {D}emand: Evolution of Data Tiering on Storage System},
authors={Shuichi Ihara and Rahul Deshmukh},
howpublished={Presented at the Lustre Administrator and Developer Workshop},
year={2018},
month={September},
}

@inproceedings{noise,
doi={10.5555/1413370.1413390},
author = {Ferreira, Kurt B. and Bridges, Patrick and Brightwell, Ron},
title = {Characterizing Application Sensitivity to {OS} Interference Using Kernel-Level Noise Injection},
year = {2008},
isbn = {9781424428359},
publisher = {IEEE Press},
booktitle = {Proceedings of the 2008 ACM/IEEE Conference on Supercomputing},
articleno = {19},
numpages = {12},
location = {Austin, Texas},
series = {SC '08}
}


@ARTICLE{scr,
  author={K. {Mohror} and A. {Moody} and G. {Bronevetsky} and B. R. {de Supinski}},
  journal={IEEE Transactions on Parallel and Distributed Systems}, 
  title={Detailed Modeling and Evaluation of a Scalable Multilevel Checkpointing System}, 
  year={2014},
  volume={25},
  number={9},
  doi = {10.1109/TPDS.2013.100},
  url = {https://doi.org/10.1109/TPDS.2013.100},
  pages={2255-2263},}

@techreport{atse,
  author = {James H. {Laros III} and Kevin T. Pedretti and Simon Hammond and Michael Aguilar and Matthew L. Curry and Ryan E. G
rant and Robert Hoekstra and Ruth Klundt and Stephen Monk and Jeffry Ogden and Stephen L. Olivier and Randall Scott and Lee War
d and Andrew J. Young},
  title = {{FY}18 {L2} Milestone \#8759 Report: {V}anguard, {A}stra, and {ATSE} -- an {ARM}-based Advanced Architecture Prototy
pe System and Software Environment},
  year={2018},
  month={September},
  number={SAND2018-9999},
  institution={Sandia National Laboratories},
  url={https://doi.org/10.2172/1470822},
}

Note that texttrademark is available in the textcomp package.
@misc{beeond,
  url={https://www.beegfs.io/wiki/BeeOND},
  title={Bee{OND}\texttrademark: {B}ee{GFS} On Demand - {B}ee{GFS} Wiki},
}


%%  author = "Agelastos, A. and others",
comment@InProceedings{LDMSSC14,
  author = "Agelastos, A. and Allan, B. and Brandt, J. and Cassella, P. and Enos, J. and Fullop, J. and Gentile, A. and Monk, S. and Naksinehaboon, N. and Ogden, J. and Rajan, M. and Showerman, M. and Stevenson, J. and Taerat, N. and Tucker, T.",
  title = "{L}ightweight {D}istributed {M}etric {S}ervice: {A} {S}calable {I}nfrastructure for {C}ontinuous {M}onitoring of {L}arge {S}cale {C}omputing {S}ystems and {A}pplications",
  booktitle={Proc. Int'l Conf. for High Performance Storage, Networking, and Analysis (SC)},
  year={2014}
}

%% J. Martinez, HPC Networking in the Real World, , 2019 OpenFabrics Alliance Workshop, https://www.openfabrics.org/wp-content/uploads/108_JMartinez.pdf, March 19, 2019.
comment@Conference{martinez2019,
  author = "J. Martinez",
  title = "{HPC} {N}etworking in the {R}eal {W}orld",
  publisher = "{O}pen{F}abrics {A}lliance {W}orkshop 2017",
  online="yes",
  url = "https://www.openfabrics.org/wp-content/uploads/108{\_}JMartinez.pdf",
  year = 2019
}

%%B. Holman, J. Martinez, High Speed Network Monitoring Enhancements, 2019 OpenFabrics Alliance Workshop, https://www.openfabrics.org/wp-content/uploads/111_BHolman.pdf, March 19, 2019.
comment@Conference{holman2019,
  author = "B. Holman and J. Martinez",
  title = "{H}igh {S}peed {N}etwork {M}onitoring {E}nhancements",
  publisher = "{O}pen{F}abrics {A}lliance {W}orkshop 2017",
  online="yes",
  url = "https://www.openfabrics.org/wp-content/uploads/111{\_}BHolman.pdf",
  year = 2019
}

%%  H. Subramoni, P. Kousha, K. Ganesh, D. K. Panda, Visualize and Analyze Your Network Activities Using OSU INAM, 2020 OpenFabrics Alliance Workshop, https://www.openfabrics.org/wp-content/uploads/2020-workshop-presentations/305.-OFA-Virtual-Workshop-2020-PPT-Template.pdf, June, 2020
comment@Conference{inam2020,
  author = "H. Subramoni and P. Kousha and K. Ganesh and D. K. Panda",
  title = "{V}isualize and {A}nalyze {Y}our {N}etwork {A}ctivities {U}sing {OSU} {INAM}",
  publisher = "{O}pen{F}abrics {A}lliance {W}orkshop 2020",
  online="yes",
  url = "https://www.openfabrics.org/wp-content/uploads/2020-workshop-presentations/305.-OFA-Virtual-Workshop-2020-PPT-Template.pdf",
  year = 2020
}


comment@INPROCEEDINGS{mmsp2017,
  author={M. {Aguilar} and B. A. {Allan} and S. {Polevitzky}},
  booktitle={2017 IEEE International Conference on Cluster Computing (CLUSTER)}, 
  title={Measuring Minimum Switch Port Metric Retrieval Time and Impact for Multi-layer InfiniBand Fabrics}, 
  year={2017},
  volume={},
  number={},
  pages={805-808},
}


%%  M. Aguilar, K. Pedretti, S. Hammond, J. Laros, A. Younge, Evaluation of Hardware-Based MPI Acceleration on Astra, https://www.openfabrics.org/wp-content/uploads/104_MAguilar.pdf, March 19, 2019.
comment@Conference{astra2019,
  author = "M. Aguilar and K. Pedretti and S. Hammond and J. Laros and A. Younge",
  title = "{E}valuation of {H}ardware-{B}ased {MPI} {A}cceleration on {A}stra",
  publisher = "{O}pen{F}abrics {W}orkshop 2017",
  online="yes",
  url = "https://www.openfabrics.org/wp-content/uploads/104{\_}MAguilar.pdf",
  year = 2019
}


comment@Conference{ofw2017,
  note=" {O}pen{F}abrics {W}orkshop",
  author = "M. Aguilar and J. Brandt and B. Allan and D. Pase",
  title = "{H}ost {B}ased {I}nfiniBand {N}etwork {M}onitoring {P}erformance",
  publisher = "{O}pen{F}abrics {W}orkshop 2017",
  online="yes",
  url = "https://www.openfabrics.org/images/eventpresos/2017presentations/306{\_}InfiniBandMonitoring{\_}MAguilar.pdf",
  year = 2017
}

comment@Conference{ {U}senix--{N}etwork {D}esign and {I}mplementation,
  author = "S. Jha, A. Patke, J. Brandt, A. Gentile, B. Lim, M. Showerman, G.
      Bauer, Z. Kalbarczyk, W. Kramer, R. Iyer",
  title = "{H}ost {B}ased {I}nfiniBand {N}etwork {M}onitoring {P}erformance",
  publisher = "{M}easuring {C}ongestion in {H}igh-{P}erformance {D}atacenter {I}nterconnects",
  online="yes",
  url = "https://www.usenix.org/conference/nsdi20/presentation/jha",
  year = 2020
}

comment@InProceedings{NTMAC,
  note="Network Traffic Measurement and Analysis Conference",
  author	= "A. Alali, F. Mizero, M. Veeraraghavan, J. Dennis",
  title		= "{A} {M}easurement {S}tudy of {c}ongestion in an {I}nfini{B}and {N}etwork",
  booktitle	= "{P}roceedings of the 2017 {N}etwork {T}raffic {M}easurement and {A}nalysis {C}onference (TMA)",
  year		= 2017,
}

comment@electronic{EARO,
  note="Enable Adaptive Routing on Omnipath",
  title		= "{A}daptive {R}outing with {I}ntel {O}mni-{P}ath {A}rchitecture",
  online	= "yes",
  url	=
      "https://itpeernetwork.intel.com/adaptive-routing-intel-omni-path-architecture/#gs.bawwlc"
}





comment@electronic{  ovisweb,
  title		= "{O}vis",
  online	= "yes",
  url	= "http://ovis.ca.sandia.gov"
}

comment@electronic{  ldmsgithub,
  title		= "{O}vis version 4 source code",
  online	= "yes",
  url	= "https://github.com/ovis-hpc/ovis/tree/OVIS-4",
  year = 2020
}

comment@electronic{  tosslinux,
  title		= "{T}ripod {O}perating {S}ystem {S}oftware 2.0",
  online	= "yes",
  url		= "http://code.google.com/p/chaos-release/wiki/CHAOS_Description",
  month = "March",
  year = 2014
}

comment@electronic{		  bluewatersweb,
  title		= "{B}lue {W}aters",
  online	= "yes",
  url	= "https://bluewaters.ncsa.illinois.edu"
}

%% SHORTEN
%% url={http://dx.doi.org/10.1007/s00450-011-0155-3},
comment@article{Baler,
year={2011},
issn={1865-2034},
journal={Computer Science - Research and Development},
volume={26},
number={3-4},
doi={10.1007/s00450-011-0155-3},
title={Baler: deterministic, lossless log message clustering tool},
publisher={Springer-Verlag},
keywords={Text mining; Text clustering; Log file analysis; System log analysis},
author={Taerat, Narate and Brandt, Jim and Gentile, Ann and Wong, Matthew and Leangsuksun, Chokchai},
pages={285-295},
language={English}
}

comment@TechReport{LDMSL22011,
  author	= "Brandt, J. M. and Gentile, A. C. and Thompson, D. C. and
		  Tucker, T. O.",
  title		= "{D}evelop {F}eedback {S}ystem for {I}ntelligent {D}ynamic
		  {R}esource {A}llocation to {I}mprove {A}pplication
		  {P}erformance",
  howpublished	= "Sandia National Laboratories Report SAND2011-6301",
  year		= "2011"
}

comment@InProceedings{LDMSCUG2013,
  author	= "Brandt, J. and Tucker, T. and Gentile, A. and Kuhns, V.
		  and Repik, J.",
  title		= "{H}igh {F}idelity {D}ata {C}ollection and {T}ransport
		  {S}ervice {A}pplied to the {C}ray {XE6/XK6}",
  booktitle	= "{P}roc. {C}ray {U}ser's {G}roup",
  year		= 2013
}

%%  address="Lugano, Switzerland",
%%  author="Showerman, M. and others",
comment@InProceedings{NCSACUG2014,
  title="{L}arge {S}cale {S}ystem {M}onitoring and {A}nalysis on {B}lue {W}aters using {OVIS}",
  author="Showerman, M. and Enos, J. and Fullop, J. and Cassella, P. and Naksinehaboon, N. and Taerat, N. and Tucker, T. and Brandt, J. and Gentile, A. and Allan, B.",
  howpublished = "https://cug.org/proceedings/cug2014_proceedings/includes/files/pap156.pdf",
  booktitle	= "{P}roc. {C}ray {U}ser's {G}roup",
  year=2014
}

comment@InProceedings{RAAMPHPCMASPA2014,
  title="{D}emonstrating {I}mproved {A}pplication {P}erformance {U}sing {D}ynamic {M}onitoring and {T}ask {M}apping",
  author="Brandt, J. and Devine, K. and Gentile, A. and Pedretti, K.",
  booktitle="{1st Wrk. on Monitoring and Analysis for High Performance Computing Systems Plus Applications (HPCMASPA) Proc. IEEE Int'l Conf. on Cluster Computing (CLUSTER)}",
  year = 2014
}

comment@InProceedings{NewSystemsHPCMASPA2015,
  title="{N}ew {S}ystems, {N}ew {B}ehaviors, {N}ew {P}atterns: {M}onitoring {I}nsights from {S}ystem {S}tandup",
  author="Brandt, J. and Gentile, A. and Martin, C. and Repik, J. and Taerat, N.",
  booktitle="{Wrk. on Monitoring and Analysis for High Performance Computing Systems Plus Applications (HPCMASPA) Proc. IEEE Int'l Conf. on Cluster Computing (CLUSTER)}",
  year = 2015
}

comment@InProceedings{ISAV2015,
  title="{I}nfrastructure for {I}n {S}itu {S}ystem {M}onitoring and {A}pplication {D}ata {A}nalysis",
  author="Brandt, J. and Devine, K. and Gentile, A.",
  booktitle="{Proc. 1st Wrk. on In Situ Infrastructures for Enabling Extreme-scale Analysis and Visualization (ISAV)}",
  year = 2015
}


comment@InProceedings{TrinityCUG2015,
  author="Brandt, J. and DeBonis, D. and Gentile, A. and Lujan, J. and Martin, C. and Martinez, D. and Olivier, S. and Pedretti, K. and Taerat, N. and Velarde, R.",
  title="{E}nabling {A}dvanced {O}perational {A}nalysis {T}hrough {M}ulti-{S}ubsystem {D}ata {I}ntegration on {T}rinity",
  booktitle	= "{P}roc. {C}ray {U}ser's {G}roup",
  year=2015
}

comment@InProceedings{AriesCUG2016,
  title="{N}etwork {P}erformance {C}ounter {M}onitoring and {A}nalysis on the {C}ray {XC} {P}latform",
  author="Brandt, J. and Froese, E. and Gentile, A. and Kaplan, L. and Allan, B. and Walsh, E.",
  booktitle = "{Proc. Cray User's Group}",
  year={2016}
}

comment@InProceedings{OVIS2,
 title = "{OVIS-2}: {A} {R}obust {D}istributed {A}rchitecture for {S}calable {RAS}",
 author = "Brandt, J. and Debusschere, B. and Gentile, A. and Mayo, J. and Pebay, P. and Thompson, D. and Wong, M.",
 booktitle = "{4th Wrk. on System Management Techniques, Processes, and Services (SMTPS) Proc. IEEE Int'l. Parallel and Distributed Processing Symposium (IPDPS)}",
 year = "2008"
}

comment@InProceedings{OVIS2006,
 title = "{OVIS}: {A} {T}ool for {I}ntelligent, {R}eal-{T}ime {M}onitoring of {C}omputational {C}lusters",
 author = "Brandt, J. and Gentile, A. and Hale, D. and Pebay, P.",
 booktitle = "{2nd Wrk. on System Management Techniques, Processes, and Services (SMTPS) Proc. IEEE Int'l. Parallel and Distributed Processing Symposium (IPDPS)}",
 year = "2006"
}

comment@InProceedings{PedrettiGPCD,
  title="{U}sing the {C}ray {G}emini {P}erformance {C}ounters",
  author="Pedretti, K. and Vaughan, C. and Barrett, R. and Devine, K. and Hemmert, S.",
  booktitle = "{Proc. Cray User's Group}",
  year={2013}
}

%%% END OVIS/LDMS AND FRIENDS CITATIONS

%%% BEGIN CRAY CITATIONS

comment@Misc{ LLM,
 title = "{intro\_LLM man page}",
 online="yes",
 month="Jan",
 day="09",
 year="2014"
}

comment@Misc{		  corespec,
  title		= "{W}orkload {M}anagement and {A}pplication {P}lacement for
		  the {C}ray {L}inux {E}nvironment",
  author	= "{Cray Inc.}",
  publisher	= "{Cray Inc.}",
  howpublished	= "Cray Doc S-2496-31",
  year		= 2010
}

comment@Misc{craygpcd,
  title		= "{C}ray {L}inux {E}nvironment ({CLE}) 4.0 {S}oftware
		  {R}elease",
  author	= "{Cray Inc.}",
  publisher	= "{Cray Inc.}",
  howpublished	= "Cray Doc S-2425-40",
  year		= 2010
}

comment@Misc{craygpcdr,
  title         = "{M}anaging {S}ystem {S}oftware for the {C}ray {L}inux {E}nvironment",
  howpublished  = "Cray Doc S-2393-5202axx",
  author        = "{Cray Inc.}",
  publisher	= "{Cray Inc.}",
  year          = 2014
}

comment@Misc{		  craymmr,
  title		= "{U}sing the {C}ray {G}emini {H}ardware {C}ounters",
  author	= "{Cray Inc.}",
  howpublished	= "Cray Doc S-0025-10",
  year		= 2010
}

comment@Misc {          ariescounters,
title           = "{A}ries {H}ardware {C}ounters",
  author        = "{Cray Inc.}",
  publisher	= "{Cray Inc.}",
  howpublished  = "Cray Doc S-0045-20",
  year          = 2015
}

comment@Misc {          ariesresiliency,
title           = "{CLE} {XC} {S}ystem {N}etwork {R}esiliency {G}uide",
  author        = "{Cray Inc.}",
  publisher	= "{Cray Inc.}",
  howpublished  = "Cray Doc S-0041-E",
  year          = 2015
}

comment@Misc {         crayariespdf,
title           = "{C}ray {XC} {S}eries {N}etwork",
author          = "Alverson, B. and Froese, E. and Kaplan, L. and Roweth, D.",
howpublished    = "WP-Aries01-1112",
url             = "http://www.cray.com/sites/default/files/resources/CrayXCNetwork.pdf",
year            = "2012"
}

comment@Misc{		  craypat,
  title		= "{U}sing {C}ray {P}erformance {A}nalysis {T}ools",
  author	= "{Cray Inc.}",
  publisher	= "{Cray Inc.}",
  year		= 2011
}

comment@Misc{            craypat2015,
  title         = "{P}erformance {M}easurement and {A}nalysis {T}ools",
  author        = "{Cray Inc.}",
  howpublished  = "Cray Doc  S-2376-63",
  year          = 2015
}


comment@Misc{		  crayptag,
  title		= "{U}sing the {GNI} and {DMAPP} {API}s",
  author	= "{Cray Inc.}",
  publisher     = "Cray Inc.",
  howpublished	= "Cray Doc S-2446-4003",
  year		= 2012
}

% Can also use this for ptag....
%% Misc{		  crayptag,
%%  title		= "{W}orkload {M}anagement and {A}pplication {P}lacement for
%%		  the {C}ray {L}inux {E}nvironment",
%%  author	= "{Cray Inc.}",
%%  howpublished	= "Cray Doc S-2496-4101",
%%  year		= 2012
%%}

comment@Misc{ craysedc,
  title="{U}sing and {C}onfiguring {S}ystem {E}nvironment {D}ata {C}ollections ({SEDC})",
  howpublished  = "{C}ray {D}oc {S-2491-7001}",
  author	= "{Cray Inc.}",
  publisher	= "{Cray Inc.}",
  year=2012
}
%%  online	= "yes",
%%  url="http://docs.cray.com/books/S-2491-7001/S-2491-7001.pdf",


comment@Misc{ CrayGemini,
  title         = "{T}he {G}emini {N}etwork",
  online        = "yes",
  url           = "http://wiki.ci.uchicago.edu/pub/Beagle/SystemSpecs/Gemini_whitepaper.pdf",
  month         = "Aug",
  year          = 2010
}

comment@inproceedings{ alversonGemini,
  author="Alverson, R. and Roweth, D. and Kaplan, L.",
  title="{T}he {G}emini {S}ystem {I}nterconnect",
  booktitle={Proc. 2010 IEEE 18th Annual Symposium on High Performance Interconnects (HOTI)},
  year=2010
}

%% SHORTEN THE ONE BELOW
%% isbn = {978-1-4673-0804-5},
%% location = {Salt Lake City, Utah},
%% pages = {103:1--103:9},
%% articleno = {103},
%% numpages = {9},
%% url = {http://dl.acm.org/citation.cfm?id=2388996.2389136},
%% acmid = {2389136},
%% publisher = {IEEE Computer Society Press},
%% address = {Los Alamitos, CA, USA},
%% keywords = {interconnect technologies, parallel and scalable system architectures, performance evaluation and measurement of real systems},
%% series = {SC '12},
%% author = {Faanes, Greg and Bataineh, Abdulla and Roweth, Duncan and Court, Tom and Froese, Edwin and Alverson, Bob and Johnson, Tim and Kopnick, Joe and Higgins, Mike and Reinhard, James},
comment@inproceedings{Faanes,
 author = {Greg Faanes and others},
 title = "{Cray Cascade: A Scalable HPC System Based on a Dragonfly Network}",
 booktitle = {Proc. Int'l Conf. on High Performance Computing, Networking, Storage and Analysis (SC12)},
 year = {2012}
}


%% SHORTEN
%%  url = {http://doi.acm.org/10.1145/1394608.1382129},
%% author = {Kim, John and Dally, Wiliam J. and Scott, Steve and Abts, Dennis},
comment@article{Kim08,
 author = {John Kim and others},
 title = {Technology-Driven, Highly-Scalable Dragonfly Topology},
 journal = {SIGARCH Comput. Archit. News},
 issue_date = {June 2008},
 volume = {36},
 number = {3},
 month = jun,
 year = {2008},
 issn = {0163-5964},
 pages = {77--88},
 numpages = {12},
 doi = {10.1145/1394608.1382129},
 acmid = {1382129},
 publisher = {ACM},
 address = {New York, NY, USA},
 keywords = {interconnection networks, topology, dragonfly},
}

comment@misc{CrayFalde,
author="Paul Falde",
note="{Cray, Inc.}",
howpublished="private communication",
date="04-03-2014"
}

comment@misc{CrayMartin,
author="Steve Martin",
note="{Cray, Inc.}",
howpublished="private communication"
}

comment@misc{CrayMartinRushApril,
author="Martin, S. and Rush, D.",
note="{Cray, Inc.}",
howpublished="private communication",
month="{April}",
year=2015
}

comment@misc{CrayMartinRushMay,
author="Martin, S. and Rush, D.",
note="{Cray, Inc.}",
howpublished="private communication",
month="{May}",
year=2015
}

comment@misc{CrayCassella,
author="Paul Cassella",
note="{Cray, Inc.}",
howpublished="private communication"
}

comment@misc{CrayGreenseidRoweth,
author="Greenseid, D. and Roweth, D.",
note="{Cray, Inc.}",
howpublished="private communication",
date="02-11-2016",
month = "Feb",
year = 2016
}

%%% END CRAY CITATIONS

%%% BEGIN NVIDIA CITATIONS
comment@electronic{		  nvml,
  title		= {{NVIDIA Management Library (NVML)}},
  author	= {{NVIDIA}},
  online	= "yes",
  howpublished	= "https://developer.nvidia.com/nvidia-management-library-nvml"
}

%%% END NVIDIA CITATIONS

%%% BEGIN AMD CITATIONS

comment@TechReport{      msr_interlagos,
    title=       {{BIOS and Kernel Developer's Guide (BKDG) for AMD Family 15h Models 00h-0Fh Processors}},
    author=        {{Advanced Micro Devices (AMD)}},
    year=         {2013},
    month=        {January},
    type=         {Technical report},
    number=       {42301 Rev 3.14},
}
%%    institution=  {{Advanced Micro Devices (AMD)}},
%%    online=       "yes",
%%    howpublished = {\url{http://amd-dev.wpengine.netdna-cdn.com/wordpress/media/2012/10/42301_15h_Mod_00h-0Fh_BKDG1.pdf}}
%%%    address=      {}

%%% END AMD CITATIONS


%%% BEGIN GAUSSIAN CITATIONS -- DONT KNOW IF THIS IS CORRECT VERSION
%%Xmisc{g09,
%%Xauthor="M. J. Frisch and G. W. Trucks and H. B. Schlegel and G. E. Scuseria and M. A. Robb and J. R. Cheeseman and G. Scalmani and V. Barone and B. Mennucci and G. A. Petersson and H. Nakatsuji and M. Caricato and X. Li and H. P. Hratchian and A. F. Izmaylov and J. Bloino and G. Zheng and J. L. Sonnenberg and M. Hada and M. Ehara and K. Toyota and R. Fukuda and J. Hasegawa and M. Ishida and T. Nakajima and Y. Honda and O. Kitao and H. Nakai and T. Vreven and Montgomery, {Jr.}, J. A. and J. E. Peralta and F. Ogliaro and M. Bearpark and J. J. Heyd and E. Brothers and K. N. Kudin and V. N. Staroverov and R. Kobayashi and J. Normand and K. Raghavachari and A. Rendell and J. C. Burant and S. S. Iyengar and J. Tomasi and M. Cossi and N. Rega and J. M. Millam and M. Klene and J. E. Knox and J. B. Cross and V. Bakken and C. Adamo and J. Jaramillo and R. Gomperts and R. E. Stratmann and O. Yazyev and A. J. Austin and R. Cammi and C. Pomelli and J. W. Ochterski and R. L. Martin and K. Morokuma and V. G. Zakrzewski and G. A. Voth and P. Salvador and J. J. Dannenberg and S. Dapprich and A. D. Daniels and Ö. Farkas and J. B. Foresman and J. V. Ortiz and J. Cioslowski and D. J. Fox",
comment@misc{g09,
author="M. J. Frisch and others",
title="Gaussian~09 {R}evision {D}.01",
note="{G}aussian Inc. Wallingford CT 2009"
}

%%%% END GAUSSIAN CITATIONS

%%%% BEGIN VASP CITATIONS
comment@misc{vaspweb,
title="{V}ienna {A}b initio {S}imulation {P}ackage {VASP}",
online	= "yes",
url="http://www.vasp.at/"
}

%       url = {http://dblp.uni-trier.de/db/journals/jcc/jcc29.html},
comment@article{vasp_Hafner08,
        added-at = {2008-11-19T00:00:00.000+0100},
        author = {Hafner, Jürgen},
        biburl = {http://www.bibsonomy.org/bibtex/2562be9be8707795b838e1f6d91d50de1/dblp},
        date = {2008-11-19},
        description = {dblp},
        ee = {http://dx.doi.org/10.1002/jcc.21057},
        interhash = {6e0a6674085a804a4b6cb942c80c88ec},
        intrahash = {562be9be8707795b838e1f6d91d50de1},
        journal = {Journal of Computational Chemistry},
        keywords = {dblp},
        number = 13,
        pages = {2044-2078},
        timestamp = {2008-11-20T11:35:48.000+0100},
        title = "{A}b-initio simulations of materials using {VASP}: {D}ensity-functional theory and beyond",
        volume = 29,
        year = 2008
}



%%% END VASP CITATIONS

%%% BEGIN ADAGIO CITATIONS
comment@TechReport{AdagioUser,
    author=       {{SIERRA Solid Mechanics Team}},
    title=        {{Sierra/SolidMechanics 4.22 User's Guide}},
    institution=  {Sandia National Laboratories},
    year=         {2011},
    month=        {October},
    type=         {Technical report},
    number=       {SAND2011-7597},
    address=      {Albuquerque, New Mexico 87185 and Livermore, California 94550},
}
%%% END ADAGIO CITATIONS

%%% BEGIN WORKFLOW CITATIONS

comment@book{ParaView9781930934306,
  Author = {Utkarsh Ayachit},
  Title = {The ParaView Guide (Full Color Version): A Parallel Visualization Application},
  Publisher = {Kitware, Incorporated},
  Year = {2015},
  ISBN = {1930934300},
}

comment@misc{Slycat,
    title=        {{Welcome! - Slycat 1.1.0 documentation}},
    institution=  {{Sandia National Laboratories}},
    howpublished= {\url{http://slycat.readthedocs.org/en/latest/index.html}},
    online=       "yes",
    month=        {November},
    year=         {2015},
    address=      {Albuquerque, New Mexico 87185 and Livermore, California 94550},
}

comment@misc{Cubit,
    title=        {{Cubit 15.0 User Documentation}},
    institution=  {{Sandia National Laboratories}},
    howpublished= {\url{https://cubit.sandia.gov/public/15.0/help\_manual/WebHelp/cubithelp.htm}},
    online=       "yes",
    month=        {November},
    year=         {2015},
    address=      {Albuquerque, New Mexico 87185 and Livermore, California 94550},
}

%%% END   WORKFLOW CITATIONS

%%% BEGIN NALU CITATIONS
comment@electronic{		  naluweb,
  title		= {{spdomin/Nalu}},
  author	= {{Sandia National Laboratories}},
  online	= "yes",
  howpublished	= "https://github.com/spdomin/Nalu"
}

comment@TechReport{SAND2002-3616,
    author=       {Harold C. Edwards},
    title=        {{SIERRA Framework Version 3: Core Services Theory and Design}},
    institution=  {Sandia National Laboratories},
    year=         {2002},
    month=        {November},
    type=         {Technical report},
    number=       {SAND2002-3616},
    address=      {Albuquerque, New Mexico 87185 and Livermore, California 94550},
}

comment@TechReport{SAND2011-0814C,
    author=       {Harold C. Edwards and Todd S. Coffey and Daniel Sunderland and Alan B. Williams},
    title=        {{Sierra Toolkit Tutorial}},
    institution=  {Sandia National Laboratories},
    year=         {2011},
    month=        {February},
    type=         {Technical report},
    number=       {SAND2011-0814C},
    address=      {Albuquerque, New Mexico 87185 and Livermore, California 94550},
}

comment@article{1089021,
    author =    {Michael A. Heroux and Roscoe A. Bartlett and Vicki E. Howle and Robert J. Hoekstra and Jonathan J. Hu and Tamara G. Kolda and Richard B. Lehoucq and Kevin R. Long and Roger P. Pawlowski and Eric T. Phipps and Andrew G. Salinger and Heidi K. Thornquist and Ray S. Tuminaro and James M. Willenbring and Alan Williams and Kendall S. Stanley},
    title =     {{An overview of the Trilinos project}},
    journal =   {ACM Trans. Math. Softw.},
    volume =    {31},
    number =    {3},
    year =      {2005},
    issn =      {0098-3500},
    pages =     {397--423},
    doi =       {http://doi.acm.org/10.1145/1089014.1089021},
    publisher = {ACM Press},
    address =   {New York, NY, USA},
    abstract =  "The Trilinos Project is an effort to facilitate the design, development, integration and ongoing support of mathematical software libraries within an object-oriented framework for the solution of large-scale, complex multi-physics engineering and scienti c problems. Trilinos addresses two fundamental issues of developing software for these problems: (i) Providing a streamlined process and set of tools for development of new algorithmic implementations and (ii) promoting interoperability of independently developed software.
        \par Trilinos uses a two-level software structure designed around collections of packages. A Trilinos package is an integral unit usually developed by a small team of experts in a particular algorithms area such as algebraic preconditioners, nonlinear solvers, etc. Packages exist underneath the Trilinos top level, which provides a common look-and-feel, including configuration, documentation, licensing, and bug-tracking.
        \par Here we present the overall Trilinos design, describing our use of abstract interfaces and default concrete implementations. We discuss the services that Trilinos provides to a prospective package and how these services are used by various packages. We also illustrate how packages can be combined to rapidly develop new algorithms. Finally, we discuss how Trilinos facilitates highquality software engineering practices that are increasingly required from simulation software."
}

comment@misc{Cielo,
    title=        {{Los Alamos Lab: High-Performance Computing: Cielo supercomputer}},
    institution=  {Los Alamos National Laboratory},
    howpublished= {\url{http://www.lanl.gov/orgs/hpc/cielo/index.shtml}},
    month=        {May},
    year=         {2013},
    address=      {Los Alamos, New Mexico 87545},
}

comment@TechReport{TrinityCIM,
    author=       {Anthony M. Agelastos and Paul T. Lin},
    title=        {{Simulation Information Regarding Sandia National Laboratories' Trinity Capability Improvement Metric}},
    institution=  {Sandia National Laboratories},
    year=         {2013},
    month=        {October},
    type=         {Technical report},
    number=       {SAND2013-8748},
    address=      {Albuquerque, New Mexico 87185 and Livermore, California 94550},
}

comment@inproceedings{muppidi_mahesh_aiaa_2006,
    author    = "Suman Muppidi and Krishnan Mahesh",
    title     = "Passive scalar mixing in jets in crossflow",
    booktitle = "44th AIAA Aerospace Sciences Meeting and Exhibit",
    year      = "2006",
    publisher = "American Institute of Aeronautics and Astronautics, Inc.",
    address   = "Reno, Nevada",
    month     = "January"
}

comment@TechReport{ml-guide,
    author      =  {M.W. Gee and C.M. Siefert and J.J. Hu and R.S. Tuminaro and M.G. Sala},
    title       =  {{ML} 5.0 Smoothed Aggregation User's Guide},
    institution =  {Sandia National Laboratories},
    year        =  {2006},
    number      =  {SAND2006-2649},
}

comment@article{belos2012,
    author = {Bavier, Eric and Hoemmen, Mark and Rajamanickam, Sivasankaran and Thornquist, Heidi},
    title = {{Amesos2 and Belos: Direct and iterative solvers for large sparse linear systems.}},
    journal = {Scientific Programming},
    number = 3,
    pages = {241-255},
    volume = 20,
    year = 2012
}

comment@TechReport{DAKOTA54,
    author=       {B. M. Adams and L. E. Bauman and W. J. Bohnhoff and K. R. Dalbey and M. S. Ebeida and J. P. Eddy and M. S. Eldred and P. D. Hough and K. T. Hu and J. D. Jakeman and L. P. Swiler and D. M. Vigil},
    title=        {{DAKOTA, A Multilevel Parallel Object-Oriented Framework for Design Optimization, Parameter Estimation, Uncertainty Quantification, and Sensitivity Analysis: Version 5.4 User's Manual}},
    institution=  {Sandia National Laboratories},
    year=         {2013},
    month=        {April},
    type=         {Technical report},
    number=       {SAND2010-2183},
    address=      {Albuquerque, New Mexico 87185 and Livermore, California 94550},
}

comment@TechReport{DAKOTA52,
    author=       {B. M. Adams and W. J. Bohnhoff and K. R. Dalbey and J. P. Eddy and M. S. Eldred and P. D. Hough and Sophia Lefantzi and L. P. Swiler and D. M. Vigil},
    title=        {{DAKOTA, A Multilevel Parallel Object-Oriented Framework for Design Optimization, Parameter Estimation, Uncertainty Quantification, and Sensitivity Analysis: Version 5.2 User's Manual}},
    institution=  {Sandia National Laboratories},
    year=         {2011},
    month=        {November},
    type=         {Technical report},
    number=       {SAND2010-2183},
    address=      {Albuquerque, New Mexico 87185 and Livermore, California 94550},
}

%%% END   NALU CITATIONS

%%% BEGIN CTH CITATIONS

comment@article{cthseminal,
    author = {J. M. McGlaun and S. L. Thompson},
    title = {{CTH: A Three-Dimensional Shock Wave Physics Code}},
    journal = {International Journal of Impact Engineering},
    pages = {351-360},
    volume = 10,
    year = 1990
}

comment@INPROCEEDINGS{cthhertel,
    author = {E. S. Hertel and Jr. and R. L. Bell and M. G. Elrick and A. V. Farnsworth and G. I. Kerley and J. M. McGlaun and S. V. Petney and S. A. Silling and P. A. Taylor and L. Yarrington},
    title = {{CTH: A Software Family for Multi-Dimensional Shock Physics Analysis}},
    booktitle = {{in Proceedings of the 19th International Symposium on Shock Waves, held at Universit\'{e} de Provence, France}},
    year = {1993},
    pages = {377--382}
}

comment@misc{cthsandia,
    title=        {{CTH Shock Physics}},
    institution=  {Sandia National Laboratories},
    howpublished= {\url{http://www.sandia.gov/CTH/index.html}},
    month=        {April},
    year=         {2014},
    address=      {Albuquerque, New Mexico 87185 and Livermore, California 94550},
}

comment@TechReport{cthcourse,
    author      =  {D. Crawford},
    title       =  {{CTH: A Code Family for Multidimensional Continuum Mechanics Analysis}},
    institution =  {Sandia National Laboratories},
    month       =  {November},
    year        =  {2011},
    number      =  {Introduction to CTH - A Shock Physics Analysis Package Course Notes},
}

comment@TechReport{cthpresto,
    author      =  {J. Bishop and D. Crawford and C. Edwards and G. Sjaardema and A. Gullerud},
    title       =  {{An Overview of the New Presto-CTH Coupling for Modeling Blast Effects on Structures}},
    institution =  {Sandia National Laboratories},
    month       =  {May},
    year        =  {2007},
    type        =  {Technical report},
    number      =  {SAND2007-3002C},
    address     =  {Albuquerque, New Mexico 87185 and Livermore, California 94550},
}

comment@INPROCEEDINGS{ctharmy,
    author = {S. J. Schraml and T. M. Kendall},
    title = {{Scalability of the CTH Shock Physics Code on the Cray XT}},
    booktitle = {{A reprint from the 2009 DOD High Performance Computing Users Group Conference, held at San Diego, CA}},
    year = {2009},
    pages = {377--382},
    organization = {{Army Research Laboratory, Aberdeen Proving Ground}},
    note = {{ARL-RP-281}},
}

comment@TechReport{cthsequoia,
    author      =  {B. Schmitt},
    title       =  {{CTH Strong Scaling Results for a One Trillion Zone Problem to 1.56 Million Cores}},
    institution =  {Sandia National Laboratories},
    month       =  {November},
    year        =  {2013},
    type        =  {Technical report},
    number      =  {SAND2013-8753P},
    address     =  {Albuquerque, New Mexico 87185 and Livermore, California 94550},
}

comment@TechReport{cthcrayxt5,
    author      =  {C. Vaughan and D. Doerfler},
    title       =  {{Analyzing Multicore Characteristics for a Suite of Applications on an XT5 System}},
    institution =  {Sandia National Laboratories},
    year        =  {2010},
    type        =  {Technical report},
    number      =  {SAND2010-2998C},
    address     =  {Albuquerque, New Mexico 87185 and Livermore, California 94550},
}

comment@TechReport{cthminighost,
    author      =  {R. Barrett},
    title       =  {{Some Explorations using miniGhost}},
    institution =  {Sandia National Laboratories},
    month       =  {November},
    year        =  {2012},
    type        =  {Technical report},
    number      =  {SAND2012-7763C},
    address     =  {Albuquerque, New Mexico 87185 and Livermore, California 94550},
}

comment@TechReport{cthexascale,
    author      =  {R. Barrett},
    title       =  {{Preparing Multi-physics, Multi-scale Codes for Exascale Computing}},
    institution =  {Sandia National Laboratories},
    month       =  {April},
    year        =  {2012},
    type        =  {Technical report},
    number      =  {SAND2012-2592P},
    address     =  {Albuquerque, New Mexico 87185 and Livermore, California 94550},
}

comment@TechReport{cthminiapp,
    author      =  {C. Vaughan and R. Barrett},
    title       =  {{Using a Miniapp to Explore Computational Strategies for Multi-Core Machines}},
    institution =  {Sandia National Laboratories},
    month       =  {February},
    year        =  {2012},
    type        =  {Technical report},
    number      =  {SAND2012-1024C},
    address     =  {Albuquerque, New Mexico 87185 and Livermore, California 94550},
}

comment@TechReport{cthamr,
    author      =  {J. Jayaraj and C. Vaughan and R. Barrett},
    title       =  {{Exploring Workloads of Adaptive Mesh Refinement}},
    institution =  {Sandia National Laboratories},
    month       =  {February},
    year        =  {2014},
    type        =  {Technical report},
    number      =  {SAND2014-1395C},
    address     =  {Albuquerque, New Mexico 87185 and Livermore, California 94550},
}

comment@TechReport{cthdissertation,
    author      =  {S. Goudy},
    title       =  {{Development of a Modeling Methodology for Hybrid Parallelism}},
    institution =  {Sandia National Laboratories},
    month       =  {May},
    year        =  {2005},
    type        =  {Technical report},
    number      =  {SAND2005-2876P},
    address     =  {Albuquerque, New Mexico 87185 and Livermore, California 94550},
}

comment@TechReport{cthoptsig,
    author      =  {B. Jennings and R. Ballance and L. Sowko and J. Noe},
    title       =  {{2013 HPC Annual Report: Page 7, Modeling Optical Signals from Urban Nuclear Explosions For Yield Determination}},
    institution =  {Sandia National Laboratories},
    year        =  {2014},
    type        =  {Technical report},
    number      =  {SAND2014-0803P},
    address     =  {Albuquerque, New Mexico 87185 and Livermore, California 94550},
}

%%% END   CTH CITATIONS

%%% BEGIN IOR CITATIONS
comment@misc{iorgithub,
  title={{LLNL/ior: Parallel filesystem I/O benchmark}},
  howpublished={{Lawrence Livermore National Laboratory}},
  year=2016,
  month="September",
  online        = "yes",
  url="https://github.com/LLNL/ior"
}

comment@INPROCEEDINGS{Shan07usingior,
    author = {Hongzhang Shan and John Shalf},
    title = {{Using IOR to Analyze the I/O Performance for HPC Platforms}},
    booktitle = {Cray User Group Conference (CUG)},
    year = {2007}
}

comment@inproceedings{Shan:2008:CPI:1413370.1413413,
 author = {Shan, Hongzhang and Antypas, Katie and Shalf, John},
 title = {{Characterizing and Predicting the I/O Performance of HPC Applications Using a Parameterized Synthetic Benchmark}},
 booktitle = {Proceedings of the 2008 ACM/IEEE Conference on Supercomputing},
 series = {SC '08},
 year = {2008},
 isbn = {978-1-4244-2835-9},
 location = {Austin, Texas},
 pages = {42:1--42:12},
 articleno = {42},
 numpages = {12},
 url = {http://dl.acm.org/citation.cfm?id=1413370.1413413},
 acmid = {1413413},
 publisher = {IEEE Press},
 address = {Piscataway, NJ, USA},
}

comment@misc{iorsequoia,
  title={{ASC Sequoia Benchmark Codes}},
  howpublished={{Lawrence Livermore National Laboratory}},
  year=2016,
  month="September",
  online        = "yes",
  url="https://asc.llnl.gov/sequoia/benchmarks/#ior"
}

comment@misc{iortrinity,
  title={{IOR}},
  howpublished={{National Energy Research Scientific Computing Center}},
  year=2016,
  month="September",
  online        = "yes",
  url="http://www.nersc.gov/users/computational-systems/cori/nersc-8-procurement/trinity-nersc-8-rfp/nersc-8-trinity-benchmarks/ior/"
}
%%% END   IOR CITATIONS

%%% BEGIN IMB CITATIONS
comment@misc{imbintel,
  title={{Getting Started with Intel MPI Benchmarks 2017, Intel Software}},
  howpublished={{Intel Corporation}},
  year=2016,
  month="September",
  online        = "yes",
  url="https://software.intel.com/en-us/articles/intel-mpi-benchmarks"
}

comment@article{SAINI2008965,
title = {{Performance evaluation of supercomputers using HPCC and IMB Benchmarks}},
journal = "Journal of Computer and System Sciences",
volume = "74",
number = "6",
pages = "965 - 982",
year = "2008",
note = "",
issn = "0022-0000",
doi = "http://dx.doi.org/10.1016/j.jcss.2007.07.002",
url = "http://www.sciencedirect.com/science/article/pii/S0022000007001006",
author = "Subhash Saini and Robert Ciotti and Brian T.N. Gunney and Thomas E. Spelce and Alice Koniges and Don Dossa and Panagiotis Adamidis and Rolf Rabenseifner and Sunil R. Tiyyagura and Matthias Mueller",
keywords = "HPCC",
keywords = "IMB",
keywords = "Performance evaluation",
keywords = "Supercomputer architectures",
keywords = "Interconnect performance",
abstract = "The HPC Challenge (HPCC) Benchmark suite and the Intel MPI Benchmark (IMB) are used to compare and evaluate the combined performance of processor, memory subsystem and interconnect fabric of five leading supercomputers—SGI Altix BX2, Cray X1, Cray Opteron Cluster, Dell Xeon Cluster, and NEC SX-8. These five systems use five different networks (SGI NUMALINK4, Cray network, Myrinet, InfiniBand, and NEC IXS). The complete set of HPCC Benchmarks are run on each of these systems. Additionally, we present Intel MPI Benchmarks results to study the performance of 11 MPI communication functions on these systems."
}

comment@inproceedings{Bukhamsin:2010:UIM:1878537.1878787,
 author = {Bukhamsin, Ahmed and Sindi, Mohamad and Al-Jallal, Jallal},
 title = {{Using the Intel MPI Benchmarks (IMB) to Evaluate MPI Implementations on an Infiniband Nehalem Linux Cluster}},
 booktitle = {Proceedings of the 2010 Spring Simulation Multiconference},
 series = {SpringSim '10},
 year = {2010},
 isbn = {978-1-4503-0069-8},
 location = {Orlando, Florida},
 pages = {240:1--240:4},
 articleno = {240},
 numpages = {4},
 url = {http://dx.doi.org/10.1145/1878537.1878787},
 doi = {10.1145/1878537.1878787},
 acmid = {1878787},
 publisher = {Society for Computer Simulation International},
 address = {San Diego, CA, USA},
 keywords = {IMB, Infiniband, MPI, Nehalem, Saudi Aramco},
}

%%% END   IMB CITATIONS

%%% BEGIN TOOL AND UTILITY CITATIONS
comment@misc{psnap,
  title="{PAL} {S}ystem {N}oise {A}ctivity {P}rogram",
  howpublished="Los Alamos National Laboratory Performance and Architecture Laboratory (PAL)",
  year=2014,
  month="March",
  online	= "yes",
  url="http://www.c3.lanl.gov/pal/"
}

comment@electronic{           gnuplot,
  title        = "gnuplot",
  howpublished = "{http://www.gnuplot.info}"
}

comment@article{massie2004ganglia,
  title="{T}he {G}anglia {D}istributed {M}onitoring {S}ystem: {D}esign, {I}mplementation, and {E}xperience",
  author={Massie, Matthew L and Chun, Brent N and Culler, David E},
  journal={Parallel Computing},
  volume={30},
  number={7},
  pages={817--840},
  year={2004},
  publisher={Elsevier}
}

comment@electronic{		  ganglia,
  title		= "{G}anglia",
  online	= "yes",
  url	= "http://ganglia.info"
}

comment@electronic{		  nagios,
  title		= "{N}agios",
  online	= "yes",
  url	= "http://nagios.org"
}

%  url       = {https://www.usenix.org/conference/lisa12/technical-sessions/presentation/reams},
comment@inproceedings{nagios12,
  author    = {Jonathan Reams},
  title     = {Extensible {M}onitoring with {N}agios and {M}essaging {M}iddleware},
  booktitle = {Strategies, Tools, and Techniques: Proceedings of the 26th Large
               Installation System Administration Conference, {LISA} 2012, San Diego,
               CA, USA, December 9-14, 2012},
  pages     = {153--162},
  year      = {2012},
  timestamp = {Thu, 15 May 2014 09:12:34 +0200},
  biburl    = {http://dblp.uni-trier.de/rec/bib/conf/lisa/Reams12},
  bibsource = {dblp computer science bibliography, http://dblp.org}
}

comment@misc{collectl,
title="Collectl",
online	= "yes",
url="http://collectl.sourceforge.net",
year=2014
}

comment@misc{sar,
title="sar(1) - Linux man page",
url="http://linux.die.net/man/1/sar",
online	= "yes",
author="Sebastian Godard",
year=2014
}

comment@misc{syslogng,
title="{T}he {F}oundation of {L}og {M}anagement (syslog-ng)",
url="https://www.balabit.com/network-security/syslog-ng",
online = "yes"
}

comment@misc{mapreduceWikipedia,
title="MapReduce",
url="http://en.wikipedia.org/wiki/MapReduce",
online	= "yes",
year=2014
}

comment@misc{mrnet,
title="{MRN}et: {A} {M}ulticast/{R}eduction {N}etwork",
online	= "yes",
url="http://www.paradyn.org/mrnet/",
year=2014
}

comment@INPROCEEDINGS{TAUMRNet,
author = "Aroon Nataraj and Allen D. Malony and Alan Morris and Dorian C. Arnold and Barton P. Miller",
title = "{A} {F}ramework for {S}calable, {P}arallel {P}erformance {M}onitoring using {TAU} and {MRNet}",
booktitle = "{P}roc. {I}nt'l {W}orkshop on {S}calable {T}ools for {H}igh-{E}nd {C}omputing",
year = "2008",
}

comment@inproceedings{Roth:2003:MSM:1048935.1050172,
 author = {Roth, Philip C. and Arnold, Dorian C. and Miller, Barton P.},
 title = "{MRNet}: {A} {S}oftware-{B}ased {M}ulticast/{R}eduction {N}etwork for {S}calable {T}ools\
",
 booktitle = {Proc. 2003 ACM/IEEE Conference on Supercomputing},
 series = {SC '03},
 year = {2003},
 isbn = {1-58113-695-1},
 location = {Phoenix, AZ, USA},
 pages = {21--},
 doi = {10.1145/1048935.1050172},
 acmid = {1050172},
 publisher = {ACM},
 address = {New York, NY, USA},
 keywords = {Scalability, tools, multicast, reduction,aggregation},
}
% url = {http://doi.acm.org/10.1145/1048935.1050172},


%% misc{OProfile,
%% title="OProfile",
%% online	= "yes",
%% url="http://oprofile.sourceforge.net/news",
%% year=2014
%% }

comment@electronic{		  oprofile_site,
  title		= "{OP}rofile",
  author	= "{OP}rofile",
  howpublished	= "http://oprofile.sourceforge.net/news"
}

comment@electronic{		  rrdtool,
  title		= "{RRDT}ool",
  online	= "yes",
  url		= "http:/rrdtool.org"
}

comment@electronic{		  libevent,
  title		= "Libevent - an event notification library",
  online	= "yes",
  url		= "http://libevent.org",
  month = "March",
  year = 2014
}

comment@electronic{		  pcp14,
  title		= "{P}erformance {C}o-{P}ilot {P}rogrammer's {G}uide",
  online	= "yes",
  url		= "http://oss.sgi.com/projects/pcp/doc/pcp-programmers-guide.pdf",
  month = "March",
  year = 2014
}

comment@misc{Splunk,
title="{S}plunk: {O}perational {I}ntelligence, {L}og {M}anagement, {A}pplication {M}anagement, {E}nterprise {S}ecurity, and {C}ompliance",
online	= "yes",
url="http://www.splunk.com"
}

comment@electronic{		  hwloc,
  title		= "{P}ortable {H}ardware {L}ocality (hwloc)",
  author	= "{O}pen {MPI} {D}evelopment {T}eam",
  online	= "yes",
  url	= "http://www.open-mpi.org/projects/hwloc"
}

comment@inproceedings{BROQUEDIS:2010:INRIA-00429889:1,
        title = { hwloc: a {G}eneric {F}ramework for {M}anaging
            {H}ardware {A}ffinities in {HPC} {A}pplications},
        author = {{B}roquedis, {F}ran{\c{c}}ois and {C}let-{O}rtega,
            {J}{\'e}r{\^o}me and {M}oreaud, {S}t{\'e}phanie and
            {F}urmento, {N}athalie and {G}oglin, {B}rice and {M}ercier,
            {G}uillaume and {T}hibault, {S}amuel and {N}amyst, {R}aymond},
        booktitle = {{PDP} 2010 - 18th {E}uromicro
            {I}nt'l {C}onf {P}arallel, {D}istributed and
            {N}etwork-{B}ased {C}omputing },
        editor = {{IEEE} },
        year = {2010}
}

comment@electronic{            mpip,
 title          = "mpi{P}",
 author         = "J. Vetter and C. Chambreau",
 online         = "yes",
 url = "http://mpip.sourceforge.net"
}

comment@electronic{  OSS,
 title = "{O}pen|{S}peed{S}hop",
 author = "{T}he {K}rell {I}nstitute",
 online = "yes",
 url = "http://www.openspeedshop.org"
}


%  url       = {http://dx.doi.org/10.3233/SPR-2008-0256},
comment@article{OSS08,
  author    = {Martin Schulz and Jim Galarowicz and Don Maghrak and William Hachfeld and David Montoya and Scott Cranford},
  title     = "{O}pen {\(\vert\)} {S}peed{S}hop: {A}n open source infrastructure for parallel performance analysis",
  journal   = {Scientific Programming},
  volume    = {16},
  number    = {2-3},
  pages     = {105--121},
  year      = {2008},
  doi       = {10.3233/SPR-2008-0256},
  timestamp = {Wed, 19 Nov 2008 12:48:27 +0100},
  biburl    = {http://dblp.uni-trier.de/rec/bib/journals/sp/SchulzGMHMC08},
  bibsource = {dblp computer science bibliography, http://dblp.org}
}

comment@electronic { hpctoolkit,
 title = "{HPCT}oolkit",
 author = "J. Mellor-Crummey",
 online="yes",
 url = "http://hpctoolkit.org"
}

comment@article{hpctoolkit_overview,
author = {Adhianto, L. and Banerjee, S. and Fagan, M. and Krentel, M. and Marin, G. and Mellor-Crummey, J. and Tallent, N.},
title="{HPCT}oolkit: {T}ools for {P}erformance {A}nalysis of {O}ptimized {P}arallel {P}rograms",
journal = {Concurrency and Computation: Practice and Experience},
volume = {22},
number = {6},
pages = {685-701},
year = {2010}
}

comment@electronic{		  VTK,
  title		= "{V}isualization {T}oolkit ({VTK})",
  author        = "Kitware",
  online         = "yes",
  url	= "http://www.vtk.org"
}

@comment{HPL,
title={{HPL}},
url="http://www.netlib.org/benchmark/hpl/"
}

@comment{hpcg,
title={{HPCG}},
url="http://www.hpcg-benchmark.org"
}

comment@misc{ HPCGperformance,
title={{HPCG Performance}},
url="https://software.sandia.gov/hpcg/2014-06-hpcg-list.pdf"
}

comment@electronic{		  trilinos,
  title		= "{T}he {T}rilinos {P}roject",
  author	= "{S}andia {N}ational {L}aboratories",
  howpublished	= "http://trilinos.sandia.gov"
}

comment@electronic{		  uoregon,
  title		= "{T}uning and {A}nalysis {U}tilities: {TAU}",
  author	= "{University of Oregon}",
  online	= "yes",
  howpublished	= "http://www.cs.uoregon.edu/Research/tau/home/php"
}

comment@article{tau_shende_2006,
 author = {Shende, Sameer S. and Malony, Allen D.},
 title = {{The Tau Parallel Performance System}},
 journal = {International Journal of High Performance Computing Applications},
 issue_date = {May 2006},
 volume = {20},
 number = {2},
 month = May,
 year = {2006},
 issn = {1094-3420},
 pages = {287--311},
 numpages = {25},
 acmid = {1125982},
 publisher = {Sage Publications, Inc.},
 address = {Thousand Oaks, CA, USA},
 keywords = {Performance evaluation, TAU, analysis, instrumentation, measurement},
}
%url = {http://dx.doi.org/10.1177/1094342006064482},
%doi = {10.1177/1094342006064482},

comment@electronic{           vampir,
 title          = "{V}ampir",
 author         = "{Center for Information Services and High Performance Computing of TU Dresden}",
 online         = "yes",
 howpublished   ="http://www/vampir.eu"
}

%  booktitle     = {Tools for High Performance Computing - Proceedings of the 2nd International
%               Workshop on Parallel Tools for High Performance Computing, July 2008,
%               HLRS, Stuttgart},
comment@incollection{vampir08,
  editor    = {Michael M. Resch and
               Rainer Keller and
               Valentin Himmler and
               Bettina Krammer and
               Alexander Schulz},
  author = { Kn{\"u}pfer, Andreas and Brunst, Holger and Doleschal, Jens and Jurenz, Matthias and Lieber, Matthias and Mickler, Holger an\
d M{\"u}ller, Matthias and Nagel, Wolfgang E.},
  booktitle     = {Tools for High Performance Computing - Proceedings of the 2nd International
               Workshop on Parallel Tools for High Performance Computing},
  title     = "{T}he {V}ampir {P}erformance {A}nalysis {T}ool-{S}et",
  publisher = {Springer},
  year      = {2008},
  isbn      = {978-3-540-68561-6},
  timestamp = {Wed, 29 Feb 2012 18:02:58 +0100},
  biburl    = {http://dblp.uni-trier.de/rec/bib/conf/ptw/2008},
  bibsource = {dblp computer science bibliography, http://dblp.org}
}


comment@Misc{           IntelVTUNEScalability,
 title          = "Vtune OpenMP scalability analysis",
 online         = "yes",
 howpublished   ="https://software.intel.com/en-us/intel-vtune-amplifier-xe"
}

comment@article{cubehelix,
  title="A {C}olour {S}cheme for the {D}isplay of {A}stronomical {I}ntensity {I}mages",
  author={Green, D. A},
  journal= {Bulletin of the Astronomical Society of India},
  vol={39},
  pages={289-295},
  year={2011}
}

comment@InProceedings{HELO,
  author="Gainaru, A. and Cappello, F. and Trausan-Matu, S. and Kramer, B.",
  title="{E}vent log mining tool for large scale {HPC} systems",
  booktitle	= "{P}roc. {E}uro-{P}ar",
  year=2011
}

comment@electronic{           HOPSAweb,
 title          = "{HO}listic {P}erformance {S}ystem {A}nalysis",
 online         = "yes",
 howpublished   ="http://hpc.msu.ru/?q=node/84"
}

comment@incollection{HOPSA,
year={2013},
isbn={978-3-642-37348-0},
booktitle={Tools for High Performance Computing 2012},
editor={Cheptsov, Alexey and Brinkmann, Steffen and Gracia, José and Resch, Michael M. and Nagel, Wolfgang E.},
title="{T}he {HOPSA} {W}orkflow and {T}ools",
publisher={Springer Berlin Heidelberg},
author={Mohr, Bernd and Voevodin, Vladimir and Giménez, Judit and Hagersten, Erik and Kn{\"u}pfer, Andreas and Nikitenko, Dmitry A. and Nilsson, Mats and Servat, Harald and Shah, Aamer and Winkler, Frank and Wolf, Felix and Zhukov, Ilya},
pages={127-146},
language={English}
}
%% doi={10.1007/978-3-642-37349-7_9},
%% HOPSA: url={http://dx.doi.org/10.1007/978-3-642-37349-7_9},


%% Misc{           TACCReportCard,
% title          = "TACC Stats I/O Performance Monitoring for the Intransigent",
% online         = "yes",
% author="John Hammond and Bill Barth and John McCalpin",
% url ="http://www.mcs.anl.gov/events/workshops/iasds11/presentations/jhammond-iasds.pdf/"
%}

%pages = {13–21},
%publisher = { IEEE Press},
comment@InProceedings{taccstats2014,
author = {Evans, T. and Barth, W. and Browne, J. and DeLeon, R. and Furlani, T. and Gallo, S. and Jones, M. and Patra, A.},
title="{C}omprehensive {R}esource {U}se {M}onitoring for {HPC} {S}ystems with {TACC} {S}tats",
booktitle = {Proc. of the First International Workshop on HPC User Support Tools} ,
year = {2014}
}

comment@electronic{            XDMoD,
  title         = "{OpenXDMoD}",
  online        = "yes",
  url   = "http://xdmod.sourceforge.net"
}



comment@InProceedings{XDMoDAnalysis,
  title = "{A}nalysis of {XDMoD/SUPReMM} {D}ata {U}sing {M}achine {L}earning {T}echniques",
  author = "Gallo, S. and White, J. and  DeLeon, R. and Furlani, T. and Ngo, H. and Patra, A and Jones, M. and Palmer, J. and Simakov, N. and Sperhac, J. and Innus, M. and \
Yearke, T. and Rathsam, R.",
 booktitle="{Wrk. on Monitoring and Analysis for High Performance Computing Systems Plus Applications (HPCMASPA) Proc. IEEE Int’l Conf. on Cluster Computing (CLUSTER)}",
  year = 2015
}


%%% END TOOL AND UTILITY CITATIONS

%%%% BEGIN MAPPING AND PARTITIONING CITATIONS


comment@InProceedings{	  zoltan,
  author	= "Devine, K. and Bowman, E. and Heaphy, R. and Henrickson,
		  B. and Vaughan, C.",
  title		= "{{Zoltan} Data Management Services for Parallel Dynamic
		  Applications}",
  booktitle	= {Computing in Science and Engineering},
  year		= {2002},
  volume	= {4},
  number	= {2},
  pages		= {90--97}
}

comment@inproceedings{pellegrini1996scotch,
  title={Scotch: A software package for static mapping by dual recursive bipartitioning of process\
 and architecture graphs},
  author={Pellegrini, Fran{\c{c}}ois and Roman, Jean},
  booktitle={High-Performance Computing and Networking},
  pages={493--498},
  year={1996},
  organization={Springer}
}

comment@Manual{SCOTCH6,
  title =        {{SCOTCH 6.0 User's Guide}},
  author =       {F. Pellegrini},
  organization = {Laboratoire Bordelais de Recherche en Informatique (LaBRI)},
  month =        {Dec},
  year =         2012
}

comment@techreport{rajamanickam2012multi,
  title={{Multi-Jagged}: A Scalable Multi-section based Spatial Partitioning Algorithm.},
  author={Deveci, Mehmet and Catalyurek, Umit V and Rajamanickam, Sivasankaran and Devine, Karen D\
},
  year={2012},
  number={SAND2012-10318C},
  institution={Sandia National Laboratories}
}

comment@inproceedings{hoefler2011generic,
  title={Generic topology mapping strategies for large-scale parallel architectures},
  author={Hoefler, Torsten and Snir, Marc},
  booktitle={Proc 25th Intl Conf Supercomputing},
  pages={75--84},
  year={2011},
  organization={ACM}
}

comment@InProceedings{ deveci_ipdps14,
 title = "{E}xploiting {G}eometric {P}artitioning in {T}ask {M}apping for {P}arallel {C}omputers",
 author = "Deveci, M. and Rajamanickam, S. and Leung, V. and Pedretti, K. and Olivier, S. and Bund\
e, D. and Catalyurek, U. V. and Devine, K.",
 booktitle = "{P}roc. 28th {I}nt'l {IEEE} {P}arallel and {D}istributed {P}rocessing {S}ymposium",
 year = "2014"
}

comment@article{reduce_bsp:ppl,
title = {{Reducing the Bulk of the Bulk Synchronous Parallel Model}},
author = {R.F. Barrett and C.T. Vaughan and S.D. Hammond and D. Roweth},
journal = {Parallel Process Lett},
year = {2013},
volume = {23},
number = {4}
}


comment@inproceedings{albing11,
  title="Topology, bandwidth and performance: A new approach in linear orderings
         for application placement in a {3D} torus",
  author="C. Albing and N. Troullier and S. Whalen and R. Olson and J. Glensk",
  booktitle="Proc Cray User Group (CUG)",
  year=2011
}

comment@inproceedings{LeungBundePPoPPPoster,
  title        = {Task Mapping Stencil Computations for Non-contiguous Allocations},
  author       = {V. J. Leung and D. Bunde and J. Ebbers and S. Feer and N. Price
                  and Z. Rhodes and M. Swank},
  booktitle    = {Proc 19th Symp Principals \& Practice of Parallel
                  Prog (PPoPP)},
  year         = {2014},
  organization = {ACM SIGPLAN}
}

comment@article{Walshaw01-FGS,
  author    = {Chris Walshaw and Mark Cross},
  title     = {Multilevel mesh partitioning for heterogeneous communication
               networks},
  journal   = {Future Generation Comp Syst},
  volume    = {17},
  number    = {5},
  year      = {2001},
  pages     = {601-623},
  bibsource = {DBLP, http://dblp.uni-trier.de}
}
%  ee        = {http://dx.doi.org/10.1016/S0167-739X(00)00107-2},

comment@incollection{bender05,
year={2005},
isbn={978-3-540-28101-6},
booktitle={Algorithms and Data Structures},
volume={3608},
series={Lecture Notes in Computer Science},
editor={Dehne, Frank and López-Ortiz, Alejandro and Sack, Jörg-Rüdiger},
title={Communication-Aware Processor Allocation for Supercomputers},
publisher={Springer Berlin Heidelberg},
author={Bender, Michael A. and Bunde, David P. and Demaine, Erik D. and Fekete, Sándor P. and Leung, Vitus J. and Meijer, Henk and Phillips, Cynthia A.},
pages={169-181}
}

comment@misc{epetra,
  title         = "{E}petra {L}inear {A}lgebra {S}ervices {P}ackage",
  online        = "yes",
  url = {http://trilinos.sandia.gov/packages/epetra}
}


%%% END MAPPING AND PARTITIONING CITATIONS

%%% BEGIN BHATELE etc

comment@InProceedings{   neighborhood,
  author        = "Bhatele, A. and Mohror, K. and Langer, S. and Isaacs, K",
  title         = "{T}here {G}oes the {N}eighborhood: {P}erformance {D}egradation due to {N}earby {J}obs",
  booktitle     = "{P}roc. {I}nt'l {C}onf. on {H}igh {P}erformance {C}omputing, {N}etworking, {S}torage and {A}nalysis (SC)",
  year          = 2013
}


comment@article{JacobiTopoPPL08,
  author = "Abhinav Bhatel\'e and Laxmikant V. Kal\'e",
  title = "{Benefits of Topology Aware Mapping for Mesh Interconnects}",
  journal = "Parallel Processing Letters (Special issue on Large-Scale Parallel Processing)",
  publisher = "World Scientific Publishing",
  volume = "18",
  number = "4",
  pages = {549-566},
  year = "2008",
}

comment@INPROCEEDINGS{TopoLbIPDPS06,
        author="Tarun Agarwal and Amit Sharma and Laxmikant V. Kal\'{e}",
        title="Topology-aware task mapping for reducing communication contention on large parallel machines",
        institution = "Parallel Programming Laboratory, Department of
          Computer Science, University of Illinois at
          Urbana-Champaign",
        booktitle = "{P}roc. {I}nt'l {IEEE} {P}arallel and {D}istributed {P}rocessing {S}ymposium",
        year = "2006",
}


%%% END BHATELE etc


%%% MISC CITATIONS UNTIL THE END


comment@article{wolter2006s,
  title={What’s working in HPC: Investigating HPC user behavior and productivity},
  author={Wolter, Nicole and McCracken, Michael O and Snavely, Allan and Hochstein, Lorin and Nakamura, Taiga and Basili, Victor},
  journal={CTWatch Quarterly},
  volume={2},
  number={4A},
  pages={9--17},
  year={2006}
}

comment@techreport{2011minighost,
  title="{M}ini{G}host: {A} {M}iniapp for {E}xploring {B}oundary {E}xchange
         {S}trategies {U}sing {S}tencil {C}omputations in {S}cientific {P}arallel {C}omputing",
  author={Barrett, Richard F. and Vaughan, Courtenay T. and Heroux, Michael A.},
  number       = {SAND2012-10431},
  institution  = {Sandia National Laboratories},
  address      = {Albuquerque, NM},
  year         = {2012}
}

comment@InProceedings{petrini_os,
  title="{T}he {C}ase of the {M}issing {S}upercomputer {P}erformance: {A}chieving {O}ptimal {P}erformance on the 8,192 {P}rocessors of {ASCI} {Q}",
  author={Petrini, F. and Kerbyson, D. and Pakin, S.},
  booktitle={Proc. IEEE/ACM Conference on Supercomputing (SC03)},
  year         = {2003}
}

comment@InProceedings{ferreira_os,
  title="{C}haracterizing {A}pplication {S}ensitivity to {OS} {I}nterference {U}sing {K}ernel-{L}evel {N}oise {I}njection",
  author={Ferreira, K. and Brightwell, R. and Bridges, P.},
  booktitle={Proc. SC08},
  year={2008}
}

comment@InProceedings{	  Bauerccgrid2012,
  author	= "Bauer, G. and Gottlieb, S. and Hoefler, T.",
  title		= "{P}erformance {M}odeling and {C}omparative {A}nalysis of the  {MILC} {L}attice {QCD} {A}pplication su3\_rmd",
  booktitle	= "{P}roc. 12th {I}nt'l. {IEEE/ACM} {S}ymp. on {C}luster, {C}loud, and {G}rid {C}omputing",
  year		= 2012
}

comment@InProceedings{	  Fiedlercug2013,
  author	= "Fiedler, R. and Whalen, S.",
  title		= "{I}mproving {T}ask {P}lacement for {A}pplications with {2D}, {3D}, and {4D} {V}irtual {C}artesian {T}opologies on {3D} {T}orus {N}etworks with {S}ervice {N}odes",
  booktitle	= "{P}roc. {C}ray {U}ser's {G}roup",
  year		= 2013
}

comment@Misc{		  exascaletools,
  author	= "Schulz, M. and Arowojolu, A. and Blanchard, J. and Brandt,
		  J. and Futral, S. and Mellor-Crummey, J. and Miller, B. and
		  Montoya, D. and Rajan, M. and Roche, K. and Zosel. M.",
  title		= "{T}ools and {T}ool {S}upport for the {E}xascale {E}ra",
  booktitle	= "{NNSA} {W}orkshop on {E}xascale {C}omputing {T}echnologies
		  ({L}awrence {L}ivermore {N}ational {L}aboratories Report
		  {LLNL-TR-472494})",
  year		= 2011
}

comment@Article{	  herlihy:methodology,
  author	= "Maurice Herlihy",
  title		= "A Methodology for Implementing Highly Concurrent Data
		  Objects",
  journal	= {ACM Trans. Program. Lang. Syst.},
  volume	= {15},
  number	= {5},
  pages		= {745-770},
  month		= "November",
  year		= {1993}
}

comment@Misc{		  sierra,
  author	= "Edwards, H. C.",
  title		= "{S}ierra {F}ramework {V}ersion 3: {C}ore {S}ervices
		  {T}heory and {D}esign",
  publisher	= "Sandia National Laboratories Report SAND 2002-3616",
  year		= 2002
}

comment@InProceedings{dorflercug2011,
  author="Doerfler, D. and Rajan, M. and Nuss, C. and Wright, C. and Spelce, T.",
  title="{A}pplication-{D}riven {A}cceptance of {C}ielo, an {XE6} {P}etascale {C}apability {P}latform",
  booktitle	= "{P}roc. {C}ray {U}ser's {G}roup",
  year		= 2011
}

comment@InProceedings{CSCSFacilitites,
  author="McMurtie, C. and Gilly, L. and Belotti, T.",
  title="{C}ray {H}ybrid {XC30} {I}nstallation - {F}acilities {L}evel {O}verview",
  booktitle = "{C}ray {U}ser's {G}roup",
  year = 2014
}

%% author = "Di Martino, C. and others",
comment@InProceedings{DiMartinoDSN14,
  author = "Di Martino, C. and Kalbarczyk, Z. and Iyer, R.K. and Baccanico, F. and Fullop, J. and Kramer, W.",
  title = "{L}essons {L}earned from the {F}ailure {A}nalysis of a {P}etascale {S}ystem: the {C}ase of {B}lue {W}aters",
  booktitle={Proc. IEEE/IFIP Int'l Conf. on Dependable Systems and Networks (DSN)},
  year = {2014}
}

comment@InProceedings{NCSAVillage,
  author = "Semeraro, B. and Sisneros, R. and Fullop, J. and Bauer, G.",
  title = "{I}t {T}akes a {V}illage: {M}onitoring the {B}lue {W}aters {S}upercomputer",
  booktitle="{1st Wrk. on Monitoring and Analysis for High Performance Computing Systems Plus Applications (HPCMASPA) Proc. IEEE Int'l Conf. on Cluster Computing (CLUSTER)}",
  year = 2014
}

comment@InProceedings{NCSAViz,
 author = "Showerman, M.",
 title = "{R}eal {T}ime {V}isualization of {M}onitoring {D}ata for {L}arge {S}cale {HPC} {S}ystems",
  booktitle="{2nd Wrk. on Monitoring and Analysis for High Performance Computing Systems Plus Applications (HPCMASPA) Proc. IEEE Int'l Conf. on Cluster Computing (CLUSTER)}",
  year = 2015
}

comment@Conference{ enosMoabCon2014,
  author = "Enos, J.",
  title = "{A}pplication {R}untime {C}onsistency and {P}erformance {C}hallenges on a {S}hared {3D} {T}orus",
  publisher = "{M}oab{C}on 2014",
  online="yes",
  url = "http://www.youtube.com/watch?v=FR274JitRq8",
  year = 2014
}


comment@TechReport{PowerAPI,
  author        = "Laros, J. and DeBonis, D. and Grant, R. and Kelly, S. and Levenhagen. M. and Olivier, S. and Pedretti, K.",
  title         = "{H}igh {P}erformance {C}omputing - {P}ower {A}pplication {P}rograming {I}nterface {S}pecification. {V}ersion 1.0",
  howpublished  = "Sandia National Laboratories Report SAND2014-17061",
  year          = "2014"
}

@comment{beeond,
  title="Bee{OND}: Bee{GFS} On Demand",
  howpublished="\url{https://www.beegfs.io/wiki/BeeOND}",
}

comment@misc{lustre-on-demand,
  author="Shuichi Ihara and Rahul Deshmukh",
  title="Lustre On Demand: Evolution of Data Tiering on Storage System",
  howpublished="\url{https://www.eofs.eu/_media/events/lad18/08_rahul_deshmukh_lad18_lustre_on_demand_si_rd_final2.pdf}",
}

@misc{ior,
  title="{IOR}",
  howpublished="\url{https://github.com/hpc/ior}",
}

@misc{io500,
  author="Julian M. Kunkel and John Bent and Jay Lofstead and George S. Markomanolis",
  title="Establishing the {IO-500} Benchmark",
  howpublished="\url{https://www.vi4io.org/_media/io500/about/io500-establishing.pdf}",
}

@misc{imb,
  title="Introducing the {I}ntel {MPI} Benchmarks",
  howpublished="\url{https://www.intel.com/content/www/us/en/developer/articles/technical/intel-mpi-benchmarks.html}",
}

@misc{stream,
  title="{STREAM}: Sustainable Memory Bandwidth in High Performance Computers",
  howpublished="\url{https://www.cs.virginia.edu/stream/}"
}

@techreport{hpcg,
  author="Jack Dongarra and Michael A. Heroux",
  title="Toward a New Metric for Ranking High Performance Computing Systems",
  institution="Sandia National Laboratories",
  year="2013",
  number="SAND2013-4744",
  note="\url{https://www.osti.gov/servlets/purl/1089988}",
}

@misc{hpl,
  author="A. Petitet and R. C. Whaley and J. Dongarra and A. Cleary",
  title="{HPL} - A Portable Implementation of the High-Performance {LINPACK} Benchmark for Distributed-Memory Computers",
  howpublished="\url{https://www.netlib.org/benchmark/hpl/}",
}

@misc{beeond,
  title="Bee{OND}: Bee{GFS} On Demand",
  howpublished="\url{https://www.beegfs.io/wiki/BeeOND}",
}

@inproceedings{10.1145/2063384.2063407, author = {Song, Huaiming and Yin, Yanlong and Sun, Xian-He and Thakur, Rajeev and Lang, Samuel}, title = {Server-Side {I/O} Coordination for Parallel File Systems}, year = {2011}, isbn = {9781450307710}, publisher = {Association for Computing Machinery}, address = {New York, NY, USA}, url = {https://doi.org/10.1145/2063384.2063407}, doi = {10.1145/2063384.2063407}, abstract = {Parallel file systems have become a common component of modern high-end computers to mask the ever-increasing gap between disk data access speed and CPU computing power. However, while working well for certain applications, current parallel file systems lack the ability to effectively handle concurrent I/O requests with data synchronization needs, whereas concurrent I/O is the norm in data-intensive applications. Recognizing that an I/O request will not complete until all involved file servers in the parallel file system have completed their parts, in this paper we propose a serverside I/O coordination scheme for parallel file systems. The basic idea is to coordinate file servers to serve one application at a time in order to reduce the completion time, and in the meantime maintain the server utilization and fairness. A window-wide coordination concept is introduced to serve our purpose. We present the proposed I/O coordination algorithm and its corresponding analysis of average completion time in this study. We also implement a prototype of the proposed scheme under the PVFS2 file system and MPI-IO environment. Experimental results demonstrate that the proposed scheme can reduce average completion time by 8% to 46%, and provide higher I/O bandwidth than that of default data access strategies adopted by PVFS2 for heavy I/O workloads. Experimental results also show that the server-side I/O coordination scheme has good scalability.}, booktitle = {Proceedings of 2011 International Conference for High Performance Computing, Networking, Storage and Analysis}, articleno = {17}, numpages = {11}, keywords = {I/O optimization, parallel I/O synchronization, server-side I/O coordination, parallel file systems}, location = {Seattle, Washington}, series = {SC '11} }

@INPROCEEDINGS{7573843,
  author={Thapaliya, Sagar and Bangalore, Purushotham and Lofstead, Jay and Mohror, Kathryn and Moody, Adam},
  booktitle={2016 45th International Conference on Parallel Processing (ICPP)}, 
  title={Managing {I/O} Interference in a Shared Burst Buffer System}, 
  year={2016},
  volume={},
  number={},
  pages={416-425},
  doi={10.1109/ICPP.2016.54}}

@misc{lod,
  author="Shuichi Ihara and Rahul Deshmukh",
  title="Lustre On Demand: Evolution of Data Tiering on Storage System",
  howpublished="\url{https://www.eofs.eu/_media/events/lad18/08_rahul_deshmukh_lad18_lustre_on_demand_si_rd_final2.pdf}",
}

@INPROCEEDINGS{jitter,
  author={Ferreira, Kurt B. and Bridges, Patrick and Brightwell, Ron},
  booktitle={SC '08: Proceedings of the 2008 ACM/IEEE Conference on Supercomputing}, 
  title={Characterizing application sensitivity to {OS} interference using kernel-level noise injection}, 
  year={2008},
  volume={},
  number={},
  pages={1-12},
  doi={10.1109/SC.2008.5219920}}

@INPROCEEDINGS{zest,
  author={Nowoczynski, Paul and Stone, Nathan and Yanovich, Jared and Sommerfield, Jason},
  booktitle={2008 3rd Petascale Data Storage Workshop}, 
  title={Zest Checkpoint storage system for large supercomputers}, 
  year={2008},
  volume={},
  number={},
  pages={1-5},
  doi={10.1109/PDSW.2008.4811883}}

@INPROCEEDINGS{managing-contention,
  author={Thapaliya, Sagar and Bangalore, Purushotham and Lofstead, Jay and Mohror, Kathrn and Moody, Adam},
  booktitle={2014 43rd International Conference on Parallel Processing Workshops}, 
  title={IO-Cop: Managing Concurrent Accesses to Shared Parallel File System}, 
  year={2014},
  volume={},
  number={},
  pages={52-60},
  doi={10.1109/ICPPW.2014.20}}

@INPROCEEDINGS{scr,
  author={Moody, Adam and Bronevetsky, Greg and Mohror, Kathryn and Supinski, Bronis R. de},
  booktitle={SC '10: Proceedings of the 2010 ACM/IEEE International Conference for High Performance Computing, Networking, Storage and Analysis}, 
  title={Design, Modeling, and Evaluation of a Scalable Multi-level Checkpointing System}, 
  year={2010},
  volume={},
  number={},
  pages={1-11},
  doi={10.1109/SC.2010.18}}

@INPROCEEDINGS{none,
  author={Bhatele, Abhinav and Mohror, Kathryn and Langer, Steven H. and Isaacs, Katherine E.},
  booktitle={SC '13: Proceedings of the International Conference on High Performance Computing, Networking, Storage and Analysis}, 
  title={There goes the neighborhood: Performance degradation due to nearby jobs}, 
  year={2013},
  volume={},
  number={},
  pages={1-12},
  doi={10.1145/2503210.2503247}}

@INPROCEEDINGS{daemon-interference,
  author={Skinner, D. and Kramer, W.},
  booktitle={IEEE International. 2005 Proceedings of the IEEE Workload Characterization Symposium, 2005.}, 
  title={Understanding the causes of performance variability in HPC workloads}, 
  year={2005},
  volume={},
  number={},
  pages={137-149},
  doi={10.1109/IISWC.2005.1526010}}

@INPROCEEDINGS{plfs,
  author={Bent, John and Gibson, Garth and Grider, Gary and McClelland, Ben and Nowoczynski, Paul and Nunez, James and Polte, Milo and Wingate, Meghan},
  booktitle={Proceedings of the Conference on High Performance Computing Networking, Storage and Analysis}, 
  title={PLFS: a checkpoint filesystem for parallel applications}, 
  year={2009},
  volume={},
  number={},
  pages={1-12},
  doi={10.1145/1654059.1654081}}
